2666 4750
444 157 455 170 fl

391 187 392 196 ι

472 270 475 286 Ι

148 387 152 392 -
228 335 595 434 ιιιιιιιειιιιιιιε
637 337 880 410 caema-
994 351 1075 414 ιιι
1195 289 1198 297 ’
1321 368 1322 400 ι

133 503 314 576 Redditus
329 505 386 575 iria
400 505 559 597 primum
581 506 702 586 terrie,
725 507 809 588 titi,
834 507 988 592 Phoebe,
1013 533 1075 577 ea-

25 689 29 692 ,
175 645 179 658 ·
652 608 765 675 oravit

133 711 343 803 Remigium
356 711 495 778 olorum
503 711 686 804 posuitque
703 712 872 780 immania
886 708 1033 805 templa:
1090 733 1094 746 ‘

23 817 71 886 lta
88 813 154 881 lib.
175 818 207 884 5.
230 835 264 880 ιι.
279 821 331 889 89.
353 813 413 881 ubi
429 813 580 880 videatur
596 812 746 882 Servius.
790 815 1015 906 Hieronymus
1035 817 1074 885 in

21 911 306 1010 interpretatione
326 914 528 997 iddithaet,
548 921 578 986 8.
594 913 779 1005 posuitque
797 929 919 1004 portas
937 921 1013 986 eiua
1025 922 1073 988 in
1183 973 1187 976 .

22 1017 254 1094 altitudinem
272 1014 450 1094 turrium.-
474 1015 603 1084 Veram
626 1011 710 1100 nihii
733 1018 917 1140 hiemato,
947 1034 986 1092 ut
1009 1045 1074 1090 nec
1155 1106 1157 1110 ι

23 1123 118 1208 eleg.
137 1128 191 1190 21
214 1141 247 1184 v.
265 1121 298 1188 6·
385 1125 392 1133 “

176 1217 284 1288 Et
297 1239 366 1308 qua
378 1227 538 1308 septenae
550 1229 723 1310 temperat
734 1193 880 1294 unda
843 1246 932 1292 νιιιι.
1039 1291 1041 1296 .

25 1325 83 1392 ubi
97 1263 246 1402 Guietue
262 1324 314 1408 (v.
327 1319 439 1388 Heins.
456 1343 489 1407 p
506 1329 580 1410 787.
586 1321 598 1406 )
619 1343 798 1409 perperam
813 1325 886 1392 vult
899 1326 1074 1422 perforat,

27 1426 105 1515 quia
120 1422 277 1512 sequitur
292 1443 328 1489 v.
339 1430 391 1492 77
821 1485 824 1500 ,

330 1527 336 1539 “
419 1524 604 1592 victrices
618 1536 790 1616 temperat
805 1525 862 1600 iro
876 1507 1008 1598 manui.

27 1631 80 1702 Sia
94 1630 161 1700 ltb
173 1639 203 1700 8
227 1627 277 1697 El.
292 1635 344 1696 20·
367 1647 401 1691 v.
414 1634 467 1698 26·

134 1732 218 1802 tttio
232 1730 289 1798 vet
301 1727 426 1795 studiis
443 1729 601 1796 animum
617 1729 803 1798 emendare
818 1703 1023 1800 Platonis

237 1830 431 1920 Incipiam,
452 1842 514 1897 aut
531 1831 661 1912 hortis,
684 1831 783 1900 docte
796 1832 971 1922 Epicure,
994 1833 1073 1903 tuis.

134 1935 337 2042 Persequar
365 1943 428 2000 aut
455 1931 609 2000 studium
636 1935 797 2026 linguae,
829 1933 1075 2032 Demosthenis
1188 1932 1196 1946 “

472 2067 475 2073 ·
516 2091 520 2096 .
636 2059 769 2116 .,ιινιιιιι

194 2135 489 2225 Librorumque
510 2146 604 2217 tuoe,
627 2135 726 2202 docte
743 2139 950 2224 Menandre,
969 2106 1071 2208 enies.

32 2263 108 2312 eum
129 2239 283 2310 unanimi
312 2261 472 2306 consensu
499 2250 750 2324 repraesentent
770 2261 888 2306 omnes
910 2242 1073 2310 editiones
1088 2245 1141 2306 ttt

32 2345 200 2428 ermes„
221 2355 336 2410 tamen
357 2341 429 2409 Nic.
449 2339 605 2416 Heinsius
625 2341 789 2406 coniectat
803 2337 1073 2414 Ludorum....

34 2452 121 2516 culte
136 2448 211 2516 M..·
241 2465 351 2532 neque
365 2442 455 2510 enim
470 2441 577 2530 placet
590 2439 640 2508 bis
656 2439 837 2533 repetitum
854 2443 962 2511 docte.
982 2446 1074 2513 Idem
1151 2449 1156 2462 “

32 2543 403 2624 torsitBroekhusinm',
424 2543 481 2609 sed
503 2541 562 2630 qui
584 2542 649 2610 elia
671 2545 727 2610 via
747 2563 821 2612 rem
839 2545 1000 2637 expedire
1014 2570 1074 2612 co·

33 2665 132 2719 natur
155 2645 299 2737 legendo
321 2644 444 2712 seilicet
473 2643 545 2712 dua
565 2645 735 2734 Epicure:
770 2645 958 2735 Epicurum
981 2648 1073 2714 enim

33 2755 131 2820 fuisse
149 2751 321 2817 indoctum
343 2747 510 2815 adfirmat.
547 2745 645 2814 Adeo
665 2759 779 2814 autem
794 2747 996 2818 ¹coniectura
1011 2752 1075 2818 hac

33 2855 104 2922 fidit
126 2852 184 2920 vir
204 2853 353 2938 elegans,
376 2861 415 2915 ut
433 2849 469 2914 in
488 2851 602 2938 ipsum
620 2863 749 2917 textum
772 2848 948 2920 invexerit.
989 2853 1082 2920 Nol-¹

33 2957 98 3025 lem
111 2953 256 3024 'factum
287 2953 462 3038 vulgatam
475 2952 570 3016 enim
584 2953 763 3018 lectionem
780 2961 814 3017 et
830 2967 955 3020 nomen
972 2954 1075 3020 nobi-

33 3057 149 3127 lissimi
166 3053 382 3141 Philosophi,
403 3053 499 3118 trano
523 3053 680 3120 iniuriam
708 3051 771 3139 ipsi
802 3052 922 3122 inferri
947 3052 1072 3136 dolens,

34 3175 168 3229 strenue
181 3168 216 3223 et
231 3156 364 3230 erudite
377 3153 525 3220 defendit
538 3156 599 3220 cet.
615 3154 822 3241 Vlamingius
838 3155 880 3220 ad
897 3143 1073 3224 Boethium

35 3265 71 3330 de
93 3259 183 3330 C.P.
203 3257 259 3328 lib.
273 3267 303 3330 8.
326 3258 427 3332 Metu
443 3255 502 3323 XI.
529 3259 593 3338 15,
622 3255 681 3322 nbi
703 3256 853 3322 observat
874 3257 1074 3326 Broekhusii

34 3361 303 3448 emendationem
331 3358 400 3453 auis
426 3357 632 3425 membranis
658 3369 691 3424 et
714 3358 871 3424 oninibua
884 3359 1074 3451 ‘Codicibus

35 3463 225 3546 adversari3
254 3463 343 3550 apud
371 3460 518 3550 optimos
537 3460 652 3548 poites
680 3461 903 3549 epithetorum
931 3463 1074 3530 abusum
1139 3469 1142 3480 “

34 3593 101 3636 esse
119 3569 312 3655 ingentem
339 3565 552 3650 Torquatum
569 3563 659 3651 apud
673 3563 780 3630 Cicer.
794 3561 855 3629 lib.
872 3574 902 3636 t.
922 3566 964 3632 de
978 3565 1075 3632 Fini-

34 3669 92 3736 bas
123 3671 237 3760 ipsum
259 3665 405 3738 doctum
423 3663 535 3754 potina
560 3687 666 3752 quam
686 3665 861 3734 indoctum
884 3658 1073 3733 vocandum
1181 3741 1186 3757 .

35 3793 101 3840 esse
114 3771 286 3844 adserere.
318 3789 379 3832 neo
395 3778 463 3832 tam
478 3767 648 3854 praeclare
661 3767 810 3856 potuisse
826 3767 868 3832 de
882 3769 949 3835 rita
966 3768 1075 3835 mori·

34 3873 161 3964 busque
191 3868 367 3938 hominnm
398 3866 606 3939 disserere
580 3892 653 3936 nne
680 3869 871 3957 cognitione
894 3869 1075 3936 historico-

35 3997 126 4060 rum3
153 3975 224 4065 imo
245 3971 336 4046 inter
358 3967 544 4040 Historiam
572 3973 717 4040 relatum
742 3995 763 4038 a
784 3971 918 4046 Vosaioe
945 3991 1074 4056 nosque

36 4057 163 4168 ablegat
174 4076 217 4144 ad
231 4071 462 4150 Gaasendum,
483 4073 602 4142 doctae
616 4074 679 4143 diei
691 4065 867 4242 elegantia
875 4070 997 4154 duces,
1016 4073 1074 4156 qni
