2706 4760
360 305 859 426 ιιιιιιιιιιιιιιιι.ι

256 503 984 646 ΜιιοιΜιιιιι“

335 693 337 700 “
465 675 702 753 Cretensis.
965 699 967 708 ·

66 825 241 918 Templum
264 836 336 892 erat
355 781 392 892 iri
412 823 524 904 Sesto,
550 821 777 916 por-siciebant
799 821 860 891 ubi
878 820 1058 895 libamenta
1100 874 1108 906 ,

66 931 173 996 Veneri
193 927 389 996 festinantes
411 927 606 1014 quotannis·
641 949 677 995 ao
699 947 817 996 arcum
903 954 908 969 ·
940 1004 944 1012 1
1073 951 1077 962 ·

65 1031 153 1102 vafer
171 1032 288 1099 Amor
308 1030 470 1126 gestabat,
490 1028 693 1118 iacularique
711 1028 863 1118 gestiens·

65 1134 155 1200 Acuta
174 1115 494 1223 circumspectabat,
516 1154 739 1222 amarumque
752 1131 915 1198 contorsit
936 1131 1088 1220 sagittam

65 1234 200 1300 Matris
189 1259 229 1300 m
248 1231 472 1314 sacerdotem,
492 1230 907 1326 properansqueinhaesit
951 1294 952 1300 ,

65 1335 185 1430 Hapati
184 1335 351 1422 Leandri,
373 1359 481 1424 quum
497 1336 630 1428 puellae
648 1323 843 1427 praecordia
861 1335 977 1428 statim
995 1331 1107 1405 trans·
1162 1421 1167 1428 ·
1216 1405 1222 1415 ,
1273 1349 1278 1360 ”
1311 1331 1313 1341 '

680 1436 827 1504 fodisset.

66 1537 201 1628 Utrique
222 1553 342 1620 autem
362 1541 535 1632 Cupidinis
556 1539 674 1606 eodem
693 1539 836 1632 perclusi
857 1537 979 1606 furore

40 1641 45 1651 '
66 1641 115 1712 su·
133 1645 235 1731 potiti
257 1656 354 1726 sunt,
375 1645 643 1732 nuptiarumque
661 1643 826 1710 consciam
847 1639 1021 1710 lucernam

66 1737 345 1816 Glandestinarum
365 1768 525 1834 posuere:
554 1744 704 1811 ferrem:
726 1757 840 1812 autem
860 1745 918 1812 illa
938 1746 1056 1814 sortita

67 1845 276 1935 Sanguinem,
297 1847 487 1936 multivagis
508 1847 657 1936 prodidit
679 1859 826 1913 amantes
845 1846 1018 1937 procedis,
1125 1866 1131 1877 ·

66 1947 104 2016 Et
119 1973 171 2019 eos
191 1949 270 2020 luce
287 1950 448 2043 privavit,
469 1951 621 2050 privavit
633 1949 734 2016 etiam
753 1949 921 2069 lusibus
904 1952 1060 2021 verrucis.
1144 1999 1146 2006 ,

325 2119 833 2190 ιιιιιιωιηιιιειιιιι
935 2081 940 2090 ’
1085 2209 1090 2216 ι

68 2253 162 2327 Etiam
183 2259 383 2352 praecordia
403 2257 526 2328 invidia
547 2255 690 2328 deorum
711 2256 834 2346 tetigit:
870 2277 951 2324 nam
977 2257 1103 2368 armis

552 2415 584 2444 „.
678 2355 778 2424 nibus
874 2365 878 2374 “

137 2463 277 2534 lactarit
297 2484 332 2530 se
351 2473 568 2530 consecutum
588 2458 681 2526 Mars
701 2456 848 2552 pra‘emia
865 2458 1033 2540 laborum.

67 2562 98 2632 Id
122 2569 256 2636 audiens
283 2567 474 2656 indignatus
507 2575 573 2646 est,
608 2565 701 2652 quod
728 2586 788 2631 sua
817 2555 1102 2634 obumbravemnt

678 2689 781 2757 opera
851 2698 857 2720 ι

137 2769 310 2840 Tenebrae
350 2769 476 2887 satis,.
464 2765 673 2892 Martisque
712 2776 784 2836 non'
824 2767 903 2835 tulit
944 2768 1101 2842 inituiarn

174 2907 181 2916 ¹
676 2872 800 2954 Amor,

66 2969 258 3066 Musaeoque
278 2975 455 3044 mandavit.
492 2971 554 3042 Ille
574 2994 653 3042 vem
675 2973 810 3041 canebat
829 2970 1015 3040 amantium

137 3077 304 3148 Furorcm
324 3077 518 3168 decerpendi
535 3077 740 3194 virginitatis
750 3067 883 3143 fldrem.
1109 3099 1115 3138 ι

66 3175 222 3252 baudetur
244 3207 338 3274 ergo,
359 3181 470 3274 parvis
490 3202 647 3272 punxisse
665 3179 809 3270 paginis,
873 3214 877 3222 ·
1102 3187 1107 3194 '

74 3283 234 3369 Quae
254 3288 365 3379 parvis
385 3279 501 3359 ludens
522 3283 677 3352 manibus
696 3284 855 3376 patravit
862 3279 1002 3375 Cupido.

471 3543 683 3568 m
769 3557 773 3566 ι
