2680 4758
310 2 471 38 .,,

139 248 148 262 ’
243 294 310 365 so
337 278 607 366 noscaris.
651 293 757 364 car.
787 295 885 366 vm.-
1021 305 1083 368 129

138 464 208 533 Καὶ
222 423 416 549 vinciente
430 423 543 544 idaeos
555 425 696 532 {Mauro
712 465 818 549 superi
830 461 1019 553 κοθόρνοις.
1154 453 1157 463 ’

19 567 95 636 Nec
126 573 200 634 noir
216 579 348 634 veteres
369 566 507 646 heroes,
537 568 688 634 Theseus
713 567 849 654 aliique.
887 567 974 636 Vide
996 562 1088 656 quest
1148 564 1158 616 i
1249 589 1257 610 =

21 668 167 735 notavit
188 669 295 760 ampl.
315 659 469 758 Cuperus
488 669 614 754 Apoth.
639 661 776 734 Homer.
798 689 831 758 p.
845 675 898 740 st.
935 669 986 737 Ita
1005 671 1081 760 cepi

20 794 96 837 non
120 768 339 843 incommode
355 789 455 857 posse
473 769 675 856 quibusdam
694 769 785 838 forte
801 771 970 840 videbitur
984 773 1098 868 Δηὼ,

23 897 134 942 oreon
146 875 223 940 oda
236 882 289 943 31.
307 892 341 937 v.
353 873 415 940 5..
497 959 501 970 ι

218 969 377 1061 Ἐμαίνετ’
395 967 577 1062 Ἀλκμαίων
597 997 632 1043 ca

220 1071 265 1143 X’
285 1074 514 1166 d'ltmtduovc
533 1073 698 1167 Ὀρέστης,
780 1085 785 1095 “

49 1259 50 1266 ¹
220 1176 288 1259 Τὰς
307 1176 451 1266 μητέρας
470 1175 656 1269 ascedente.

26 1283 63 1348 lu
95 1302 174 1368 quo,
194 1280 270 1347 loco
295 1277 430 1346 invenis
451 1283 698 1360 eruditissimus
720 1281 887 1369 Georgius
912 1280 1080 1352 Arnaldu'a
1109 1287 1114 1308 '
1234 1303 1237 1310 ⁴

28 1381 212 1450 Animadv.
230 1379 343 1469 Critic.
358 1403 431 1471 cup.
446 1385 478 1455 5.
495 1391 598 1471 pst&
621 1385 780 1450 emendat
793 1377 1080 1468 ἈελλόπουεὈοὲ·
1157 1439 1162 1446 .

29 1503 120 1573 orne,
142 1507 200 1552 me
221 1505 293 1550 non
310 1483 492 1572 probante.
535 1485 658 1550 Tutius
680 1486 769 1550 enim
786 1486 871 1550 verti
889 1509 985 1574 posse
1001 1508 1080 1552 cum
1145 1516 1147 1520 ·

29 1586 271 1676 interpretibus
293 1585 343 1654 Et
365 1585 525 1676 pulchris
544 1587 694 1678 pedibus
718 1585 907 1676 praeditus
926 1585 1081 1668 Orestes}
1176 1624 1180 1632 ·

29 1679 136 1778 quem'
158 1691 347 1778 quidquam
367 1689 424 1757 hio
446 1689 571 1756 novari
593 1700 720 1780 putem.
762 1689 855 1758 Nihil
877 1699 969 1756 certe
992 1691 1082 1772 valet
1154 1727 1161 1736 ·

31 1795 116 1880 quod
139 1791 261 1859 obiicit
283 1791 416 1880 elegans
431 1791 580 1882 iuvenis,
605 1792 779 1878 epitheton
793 1792 878 1860 illud
894 1792 1082 1860 muliorou-
1171 1817 1178 1830 ¹

29 1897 81 1963 lae
99 1895 207 1984 magis
225 1893 424 1975 convenire,
445 1917 551 1982 quam
575 1896 708 1972 Oresti,
731 1895 827 1962 cuins
843 1894 991 1962 inmanis
1009 1905 1081 1962 ste-
1121 1957 1124 1964 .

31 2009 104 2064 ture
115 2007 249 2086 septem
263 1995 393 2062 cubitos
403 2009 588 2088 superaret.
619 1999 771 2066 Theseus
785 2009 858 2064 erut
874 1998 975 2064 heros
988 1996 1081 2064 inter
1190 2011 1191 2016 ’
1304 1991 1307 2004 '

31 2101 190 2167 mortales
214 2095 436 2180 fortissimus,
463 2111 501 2167 ut
526 2101 578 2167 vel
605 2123 649 2166 ex
672 2089 862 2166 hondrifioo
883 2098 1079 2166 testimonio

32 2203 175 2271 Nestoris
200 2200 289 2290 apud
304 2199 443 2268 Homer.
461 2201 557 2272 Iliad.
572 2208 614 2270 A.
630 2223 664 2268 v.
677 2205 751 2272 265.
775 2213 886 2288 putet,
910 2211 945 2264 et
963 2211 1079 2267 temen

33 2306 159 2394 pulchri
182 2304 253 2372 eius
268 2303 372 2390 pedes
385 2302 581 2372 laudantur.
619 2303 671 2371 Ita
684 2301 834 2372 Ariadne
851 2300 943 2390 apud
958 2302 1094 2374 (latui,
1111 2357 1114 2376 ι

33 2409 98 2474 lurn
113 2407 155 2472 de
166 2406 270 2494 Nupt.
286 2404 375 2492 l’elei
388 2395 617 2475 et'Thetidoss
649 2420 655 2430 ’

134 2509 233 2592 Quae
250 2507 315 2574 tibi
325 2509 478 2576 'iucundo
484 2507 691 2598 famularer
703 2528 805 2575 seruc
820 2503 940 2574 labore

129 2609 295 2678 Candida
308 2615 529 2702 permulcens
543 2610 686 2700 liquidis
700 2608 850 2700 vestigio
862 2609 1025 2700 lymphis.

35 2715 86 2780 nbi
117 2711 270 2782 candido
296 2715 449 2808 vestigia
477 2727 560 2780 sunt
586 2711 746 2803 pulchre,
788 2712 1075 2798 quemadmodum
1148 2780 1154 2786 .
1188 2700 1192 2712 ¹

33 2815 113 2907 pede
122 2815 277 2886 candido
286 2817 323 2884 in
332 2820 405 2884 loco
417 2817 547 2886 Horatii
562 2817 631 2882 iem
647 2816 758 2885 citato.
767 2815 854 2882 Acro
860 2805 1076 2906 interpretu-

35 2935 81 2988 tur
95 2922 257 3010 pulchros
290 2920 473 2986 Pulchrum
489 2933 603 2986 erstem
620 2916 924 3003 eumfuissepatet
943 2942 985 2986 ex
998 2915 1108 3011 Hys-¹
1222 2943 1224 2949 ’
1270 2991 1279 2999 ,

35 3025 103 3109 giro
124 3047 196 3117 cep-
215 3029 291 3092 270.
314 3021 371 3108 ubi
384 3023 471 3086 inter
488 3043 560 3100 eos,
584 3020 645 3111 qui
651 3017 905 3112 formosissimi
910 3019 1073 3109 fuerunt,

35 3125 172 3192 refertur
192 3125 346 3192 Theseus
360 3123 475 3216 Aegei
487 3137 522 3189 et
536 3124 694 3191 Aethrae
701 3117 826 3210 filius,
850 3145 951 3213 quem
962 3127 1074 3194 Ario-
1092 3129 1144 3186 186

36 3226 92 3292 dne
109 3227 254 3295 amavit.
273 3229 366 3323 Aliae
378 3226 629 3294 emendationes
640 3225 795 3290 vircrnm'
814 3225 992 3298 doctorum
1004 3255 1075 3298 non

35 3334 137 3416 magni
150 3331 316 3400 momenti
332 3329 500 3396 videntur.
524 3327 654 3396 Panwii
670 3323 851 3406 leontianus
867 3330 960 3396 nullo
974 3336 1075 3406 modo

35 3433 149 3520 placet,
175 3425 1077 3524 minusudltuo‘OlupoinochOpiotqcalterius,'quue
1119 3475 1124 3488 ·
1196 3441 1200 3448 ’

35 3533 221 3604 referuntur
240 3536 275 3599 in
295 3537 439 3604 Obscrrs
452 3529 591 3600 Miscell.
613 3533 688 3620 Vol.
706 3533 767 3599 lll.¹
780 3557 811 3623 p.
826 3541 856 3604 6.
877 3547 911 3601 et
925 3555 1016 3626 seqq.
1038 3539 1076 3605 in

35 3639 119 3704 notin
150 3637 210 3706 Xoi
235 3637 424 3724 lsdnoppnc
446 3640 500 3704 vel
517 3629 575 3702 Xoi
592 3633 806 3722 tempore,
828 3660 915 3724 quae
933 3641 1076 3736 protulit

35 3738 79 3804 vir
92 3738 356 3821 eruditissimus,
378 3739 480 3806 etiam
493 3736 607 3802 miuus
624 3740 820 3806 necessaria.
842 3741 945 3819 ltecte
960 3755 1074 3812 tumen
1158 3757 1180 3762 ''

34 3838 111 3908 idem
135 3844 231 3912 illurn
252 3842 402 3910 Barnesii
424 3842 466 3908 de
490 3839 784 3910 olbis-cothurnis
805 3843 1014 3912 sententiam
1028 3865 1074 3910 ex

34 3941 106 4008 istro
119 3944 355 4012 Grammatico
370 3941 545 4010 refutavit:
573 3945 696 4010 vellem
721 3955 755 4011 ct
765 3945 910 4012 alteram
925 3947 968 4012 de
983 3949 1075 4012 Ore-

35 4046 120 4112 stein
134 4046 255 4114 furore
268 4069 333 4115 suo
345 4045 445 4114 nudis
457 4045 599 4138 pedibus
611 4055 789 4128 currente,
811 4069 887 4114 cum
904 4047 940 4114 id
956 4045 1074 4116 fcren-

768 4214 771 4232 .
824 4151 841 4215 Ι
975 4196 978 4205 ·
