2666 4750
212 325 218 340 ψ]
239 317 305 382 ιιι
488 261 1024 380 ιιιιιιιιιιιιιειοιιιιε

239 479 282 546 ob
299 497 407 546 seram
421 475 492 546 iam·
503 487 637 544 noctem
651 473 763 542 risum
778 473 881 542 sense
895 495 970 544 rem
984 472 1021 541 in
1036 475 1283 547 conmodiorenr

149 579 153 594 ⁴
238 582 354 650 locum
378 591 413 647 et
429 590 564 668 tempus
587 569 737 648 differre.
779 580 879 648 Iuvat
900 599 1019 646 versus
1041 595 1205 666 sequens,
1231 577 1285 645 obi

238 684 353 752 stetim
366 681 520 749 additur.

132 799 223 864 919
342 779 507 874 'esuritor
522 777 673 862 ἀέκοντες
686 725 975 871 troopiotncov’
954 775 1095 872 ανάγκη.

235 889 344 963 Nimis
358 886 449 955 forto
461 886 574 952 audax
588 885 688 952 etism
703 882 834 952 focinus
845 883 992 954 Leandri
1002 880 1198 952 habendum
1206 884 1282 974 ,qui

147 1029 157 1052 ι
237 991 377 1064 Veneris
388 987 598 1058 sacerdotem
613 987 676 1052 sub
691 987 774 1055 deae
788 987 893 1055 oculis
908 975 1029 1065 vitiare
1042 999 1144 1054 ausus
1159 987 1280 1072 fuisset,

178 1124 188 1158 t
237 1117 300 1163 nec
322 1091 406 1161 adeo
429 1113 566 1158 ornnem
587 1089 699 1156 statim
718 1089 890 1158 decoxisse
910 1089 1079 1180 pudorem
1097 1089 1191 1158 Hero
1204 1091 1281 1157 'cen-
1315 1125 1319 1133 2

221 1195 350 1274 sends.
387 1193 554 1263 Venerem
571 1191 706 1280 quidem
727 1184 914 1282 virginibus
935 1215 1006 1264 uon
1026 1193 1179 1280 gaudere
1193 1217 1280 1260 ama·

235 1311 292 1364 tor
311 1320 345 1366 v.
363 1303 435 1368 144.
460 1294 661 1384 persuadere
686 1295 820 1388 pueliae
841 1295 1014 1378 voluerat,
1043 1293 1102 1375 sed
1125 1293 1278 1382 ipsauou

193 1460 197 1470 ,
235 1399 370 1480 mitius,
393 1421 432 1466 eo
444 1397 509 1464 aiis
524 1397 682 1484 numine,
698 1398 823 1484 dequo
840 1395 908 1463 vid.
922 1395 1104 1468 Animadv.
1120 1397 1164 1463 ad
1179 1419 1211 1467 v.
1222 1406 1275 1478 31,

208 1581 213 1589 ἡ
234 1501 427 1567 vindicabat
444 1499 668 1588 virginitatem
690 1509 759 1564 tion
778 1497 918 1566 inlibate
936 1511 1126 1584 servatam,
1154 1501 1184 1566 si
1202 1499 1274 1566 fides

235 1603 355 1674 Servio
371 1603 415 1669 sd
429 1601 546 1688 Virgil.
564 1599 704 1670 aeneid.
719 1609 751 1672 3.
773 1624 808 1666 v.
826 1609 880 1672 23.
889 1655 901 1688 ,
922 1602 980 1672 ‚ubi
995 1601 1104 1670 refert
1117 1603 1275 1692 Myronos

236 1707 407 1795 quendam
429 1705 592 1796 siurone
615 1703 720 1768 divite
743 1703 925 1792 ambitam,
945 1704 1031 1772 urbe
1045 1706 1275 1794 depopulatae

233 1807 439 1894 latronibus,
461 1797 638 1896 abreptam
659 1805 701 1870 art
722 1826 803 1870 suos
823 1803 1003 1893 refugisse,
1030 1805 1148 1874 iuveni
1169 1820 1274 1876 auten

195 1941 198 1950 ⁴
234 1908 278 1977 ob
300 1911 449 1978 latrones
465 1907 612 2004 detectos
633 1913 811 1996 captosque
831 1906 945 1976 datam
962 1921 1161 2025 potestatem
1181 1935 1201 1978 a
1219 1935 1274 2002 po·

232 2015 352 2104 pulo,
356 2023 395 2078 ut
408 2011 597 2104 virginem,
619 2033 724 2101 quom
743 2019 943 2090 omooerot,
966 2009 1002 2081 io
1020 2013 1272 2082 matrimonium

234 2115 396 2214 duceret3
426 2113 467 2180 ob
483 2135 593 2230 quam·
609 2136 683 2179 rem
705 2113 800 2181 irato
817 2109 936 2182 Venus
957 2113 1060 2180 illum
1080 2116 1272 2206 morifecit,

232 2216 422 2318 virginem
435 2227 552 2283 cautem
579 2216 616 2287 io
639 2216 737 2308 Myrt
737 2237 798 2286 um
827 2213 987 2288 arborem
1014 2219 1137 2302 vertit,
1167 2223 1269 2309 eique,
1318 2231 1319 2276 t

234 2321 326 2418 quod
339 2319 502 2388 sacerdos
510 2318 657 2408 fuisset,
671 2318 871 2412 praestitit,
892 2331 932 2386 ut
943 2332 1114 2438 perpetuo
1132 2335 1167 2390 et
1183 2323 1270 2389 suavi

233 2423 338 2491 odore
353 2415 540 2520 gauderet
576 2423 709 2494 Poenae
731 2420 821 2488 enim
835 2423 911 2492 loco
931 2415 1030 2490 ediis
1051 2417 1268 2512 delinquentes

231 2527 269 2592 in
290 2527 442 2611 arbores,
471 2547 550 2595 aree
572 2533 631 2592 etc.
654 2519 806 2605 mutari,
827 2525 882 2590 vel
903 2547 946 2592 ex
966 2526 1137 2594 Antonino
1158 2529 1265 2607 Liber,

222 2627 293 2694 'ubi
317 2629 359 2696 ed
383 2625 559 2694 festidium
581 2645 690 2712 usque
712 2624 802 2690 idem
828 2626 939 2696 exitus
960 2629 1124 2712 recurrit,
1154 2627 1266 2698 nemini

230 2730 395 2818 ignotum.
434 2729 560 2798 Porcus
582 2728 624 2795 de
645 2727 714 2794 sola
737 2728 977 2798 contestatione
990 2730 1098 2838 capit,
1121 2730 1265 2820 atqueits

234 2831 376 2922 Papius,
399 2831 454 2916 qui
471 2831 589 2902 vertit:

341 2933 483 3001 Gaudio
498 2932 579 3000 dein
592 2932 704 3002 noctis
717 2932 822 3030 pacti
837 2931 1043 3033 vigilemque
1060 2935 1262 3025 hymenaeos.
1317 2931 1318 2980 t

232 3035 343 3127 Aliter
356 3035 590 3104 Whitfordus·

337 3138 442 3214 Fert*
428 3161 522 3209 zeum
536 3138 670 3210 intereo
686 3137 806 3232 cupidi
821 3147 996 3214 certamen
1014 3139 1146 3211 amoris
1182 3217 1184 3224 ,

337 3237 539 3329 Perfioere,
562 3241 751 3319 abscedunt
772 3242 924 3328 (invitus
939 3248 1115 3337 uterque).

231 3342 375 3415 Videtur
399 3343 456 3410 hic
479 3345 667 3436 respexisse
691 3342 732 3410 ad
752 3343 1028 3432 significationem
1053 3345 1195 3414 verbi'
1174 3345 1260 3428 ovio,

232 3467 300 3532 qua
328 3446 462 3534 capitur
485 3447 665 3536 aliquando
692 3471 755 3536 pro
776 3447 933 3548 festinp,
954 3449 1172 3542 festinanter
1193 3447 1261 3544 quid

229 3545 389 3638 perficio.
411 3543 517 3636 Magis
530 3549 699 3616 adsideret
712 3551 815 3617 haec
805 3554 1075 3645 interpretatio,
1076 3577 1107 3622 ιι
1096 3552 1260 3624 Musaeus

230 3649 414 3758 scripsisset
436 3645 632 3732 ἀνύσαντες,
661 3652 728 3718 nisi
753 3653 832 3720 velis
861 3655 1025 3727 aoristum
1050 3667 1081 3730 1
1109 3655 1190 3746 poni
1208 3677 1258 3748 pro

230 3737 364 3832 futuro,
389 3743 683 3840 utapudCaliim.
700 3753 853 3848 Hymoss
843 3760 969 3828 rnDeI.
984 3782 1017 3827 v.
1036 3766 1110 3836 204.
1134 3757 1259 3854 ἐφύλαξα

164 3867 217 3924 820
233 3851 433 3925 Scholiastes
453 3851 601 3941 explieat
622 3841 697 3924 tori
723 3863 787 3930 τοῦ
808 3859 960 3946 nvtritor,
990 3859 1047 3928 ubi
1070 3863 1166 3956 pluro
1186 3860 1259 3931 debit

125 3985 128 4002 ι
199 3955 364 4032 inluster
380 3957 439 4024 En.
457 3955 702 4043 Spauhernius·
732 3964 819 4050 quod
838 3975 962 4033 tomen
967 3965 1060 4036 nullo
1080 3965 1179 4032 modo
1197 3963 1259 4054 pla-

233 4070 297 4126 cet.
324 4059 469 4150 Florem
486 4057 709 4132 Christianus:
