2666 4750
260 369 326 436 240
464 367 465 372 ’
527 360 1087 438 Antunnvnnslonns'

314 537 319 547 “
365 529 507 625 Lyden,
530 533 607 618 dec,
628 557 694 623 per
706 558 826 603 omnes
951 527 956 552 “

451 635 500 702 Te
517 636 604 702 deos
613 661 692 716 oro.
715 637 865 727 Sybarin
879 659 942 706 cur
949 659 1122 729 properes
1132 639 1286 708 amando

279 761 285 799 r
363 737 542 820 Perdere,
570 763 633 806 cur
647 741 807 828 apricum
920 811 924 816 ,
1068 807 1071 816 ,

445 837 578 908 Oderit
587 863 750 932 campum
762 839 900 930 patiens
912 843 1069 934 pulueris
1082 855 1186 935 etque
1201 847 1302 929 solis3

303 921 437 1014 bur
450 967 558 1034 neque
577 944 751 1011 militares

443 1047 541 1114 Inter
555 1047 719 1151 aequales
732 1045 885 1136 equitat,
907 1045 1054 1116 Gallica
1065 1071 1130 1116 nec
1144 1048 1274 1164 iupaiie

366 1143 580 1238 Temperat
570 1172 634 1216 orn
640 1147 772 1236 frenis.

224 1265 227 1281 ¹
256 1276 409 1340 versu4.
431 1292 496 1358 pro
520 1265 646 1334 Oderit
668 1265 849 1333 emendare
866 1243 1142 1355 Deserit,·quod
1166 1281 1297 1337 scutum

257 1372 411 1458 quidem,
426 1371 497 1470 “sed
517 1371 657 1438 minime
679 1369 735 1436 hic
755 1371 999 1454 necessarium,
1025 1373 1207 1464 praecipue
1223 1396 1294 1438 cum

256 1473 328 1563 ipse
342 1475 502 1554 Horatius
514 1475 572 1541 lib.
588 1479 619 1544 4.
636 1479 687 1542 10.
704 1480 734 1542 1.
756 1469 841 1535 haec
853 1472 1036 1559 spreverits

366 1591 400 1662 0
419 1574 696 1660 οηιᾶιῖίέαιίὴιιο
713 1599 748 1654 et
765 1586 914 1656 Veneris
933 1584 1133 1660 muneribus
1142 1603 1276 1682 potens,

266 1696 270 1703 ’
359 1697 546 1786 Insperata
561 1705 642 1758 tuae
658 1713 739 1757 cum
752 1691 868 1758 veniet
875 1692 1002 1780 pluma
1016 1696 1217 1782 superbiae,

360 1799 410 1867 Et
426 1822 514 1937 quae
526 1820 616 1866 nunc
632 1793 787 1862 humeris
804 1795 1007 1877 invoiitent,
1031 1798 1226 1867 deciderint
1238 1822 1292 1866 co-

368 1920 378 1954 ·
880 1921 971 1969 mae.
1045 1952 1048 1956 .
1103 1933 1106 1938 ·

253 2018 444 2090 Priscianus
459 1981 573 2089 oderit
590 2043 653 2110 pro
666 1999 858 2104 indicativo
864 2015 1036 2085 hebens
1005 2039 1120 2085 neone
1135 2043 1180 2086 cn
1198 2017 1290 2086 locri-

252 2124 320 2191 mis
333 2123 470 2214 dignus,
495 2125 629 2208 haereo.
659 2117 804 2197 Dubito,
828 2140 872 2185 an
886 2142 958 2186 non
971 2119 1108 2188 defendi
1124 2121 1202 2190 hinc
1214 2143 1288 2212 pos-

203 2239 206 2250 ’
251 2227 295 2296 sit
307 2229 443 2316 vulgata
459 2227 557 2317 Statii
572 2225 673 2294 lectio
686 2223 745 2290 lib.
762 2229 794 2292 4.
817 2221 914 2311 Sylv.
934 2232 963 2294 1.
985 2245 1017 2292 v.
1032 2233 1092 2309 23,

357 2347 523 2438 Aspicis,
545 2359 584 2414 ut
594 2342 737 2434 templis
751 2342 844 2419 alius
857 2343 971 2426 nitor,
992 2347 1101 2413 altius
1114 2345 1189 2413 aris
1235 2341 1238 2350 ’

358 2450 477 2542 ignis,
500 2450 628 2543 etipsa
644 2468 745 2522 meae
763 2457 905 2536 tepeant
920 2447 985 2514 tibi
1002 2448 1122 2516 sidera
1143 2447 1282 2516 brunem
1326 2513 1327 2516 ,

241 2583 245 2592 ·
356 2552 514 2623 Moribus
535 2561 638 2642 atque
654 2549 722 2615 tuis
733 2548 892 2640 gaudent
905 2561 1108 2644 turmaeque
1124 2549 1283 2641 tribusque

355 2656 600 2750 Purpureique
608 2663 753 2746 patres,
759 2641 1009 2745 lucemquea
1006 2657 1144 2724 consule
1159 2658 1249 2726 ducit
1325 2723 1326 2730 ,

357 2757 482 2826 Omnis
498 2757 656 2825 bonor.¹

248 2873 320 2947 ubi
338 2877 585 2946 eruditissimus
606 2877 824 2946 Marklantus
847 2877 1004 2946 emendat
1023 2877 1194 2948 Fascibus
1214 2899 1281 2946 ecce
1324 2909 1325 2928 ¹

208 3048 210 3058 ,
248 2982 349 3063 tuis,
364 2977 554 3050 mutatione
583 3001 664 3058 sanc
693 2978 844 3063 enormi,
873 3003 968 3064 cum,
985 2975 1126 3070 sipost
1154 2982 1281 3048 brumae

247 3087 422 3172 vulgatam
460 3069 709 3150 distinctionem
744 3083 860 3170 tolles,
903 3083 1016 3150 omnia
1055 3085 1281 3152 cohaerebunt
1323 3163 1324 3174 ἵ

123 3225 133 3248 .
250 3185 352 3278 Quod
369 3185 483 3253 obiicit
497 3197 600 3274 atque
616 3183 787 3252 neminem
801 3187 846 3250 ita
859 3173 1024 3274 posuisse,
1039 3209 1102 3254 nec
1113 3185 1279 3262 adfirmare

114 3305 121 3330 ³
185 3331 189 3336 -
248 3313 313 3357 nec
339 3312 461 3378 negare
480 3291 606 3368 ausim,
626 3287 752 3367 sed,s1
771 3287 828 3353 vel
845 3309 985 3369 verum,
1013 3287 1146 3354 fecilior
1164 3297 1278 3378 pateret
1322 3333 1323 3366 p

141 3419 143 3432 ·
247 3393 435 3460 emendatio
447 3393 547 3480 inque
563 3389 632 3455 tuis
645 3388 817 3480 gaudent.
857 3390 912 3457 sic·
924 3390 1029 3456 verbo
1045 3391 1180 3482 laetari
1193 3412 1277 3458 usum

178 3513 232 3574 813
249 3519 320 3562 csse
344 3494 542 3562 Ciceronem
571 3493 625 3557 vel
650 3490 774 3558 Lexics
799 3492 937 3577 docent3
971 3491 1161 3582 permutari
1181 3508 1277 3562 eutem

245 3622 344 3668 voces
359 3607 453 3688 patet
468 3619 510 3663 ex
523 3595 581 3662 lib·
595 3598 626 3664 5.
649 3605 677 3664 t.
698 3604 771 3666 140.

575 3707 738 3764 aeternae
744 3691 854 3765 modo
871 3697 929 3788 qui
944 3698 1104 3770 sacraria
1114 3701 1216 3792 genti

351 3799 542 3870 Condidit
527 3823 628 3890 enque
646 3803 684 3869 ni
685 3801 718 3866 io
728 3801 848 3893 posuit
862 3821 927 3864 sun
940 3799 1058 3866 sidera
1075 3803 1186 3875 coelo.

244 3923 302 3991 ubi
318 3919 435 3988 Codex
449 3920 593 3988 Roman.
616 3931 731 4010 utque.
771 3923 886 3990 Altera
901 3917 1042 3984 obsceno
1055 3932 1119 4001 cst
1142 3919 1275 3990 moribus

239 4027 298 4095 hic
317 4025 432 4092 locum
454 4045 523 4088 non
547 4045 636 4105 esse,
658 4046 735 4090 cum
753 4047 817 4112 per
836 4031 941 4087 totam
956 4021 1116 4106 Ecl'ogem
1131 4030 1209 4114 ngat
1221 4045 1276 4090 non

241 4129 285 4196 de
303 4127 373 4198 vite
384 4125 518 4216 private
533 4137 593 4197 eut
614 4124 762 4196 censoris
780 4123 907 4206 officio,
927 4123 986 4188 sed
1000 4123 1190 4198 consuletis·
1223 4123 1275 4196 Sed
