2706 4760
430 331 777 398 nnunnnuro.
906 401 909 412 ¹
1086 319 1134 391 ιι

69 493 173 584 pilare
193 494 391 588 ignorans,
424 489 493 564 tr'es
517 485 633 563 autem
655 501 773 564 uentos
798 498 929 588 tuntum
951 495 1135 566 memorari

69 599 284 709 indigrmtus',
324 613 395 705 qno
419 636 579 684 uumerus
602 617 762 706 receptus
775 622 972 700 oonstnmt,
1003 615 1135 688 sinistra

34 760 36 768 ·
67 737 275 807 liberalitate
299 741 462 827 quartum
476 731 602 824 huno,
615 734 678 824 sed
701 737 815 806 omine
830 757 900 804 non
916 735 993 804 satis
1009 737 1132 840 faurstd,

68 857 243 930 intruserit,
302 853 465 950 Egregie
479 863 594 924 autern
609 853 699 926 haec
712 855 758 938 de
772 857 880 928 tribus
893 841 1133 926 ventisobsei.

68 986 137 1046 vata
150 979 347 1072 firmantur
369 998 412 1048 ex
428 973 567 1076 Orphei
581 975 726 1070 Hymnis
739 978 778 1072 ⁸)
795 975 1013 1048 inhonorem
1028 979 1131 1070 trium
1157 975 1164 994 '

64 1107 246 1170 uentorum
261 1099 313 1168 ab
329 1097 487 1169 Hesiodo
501 1107 785 1190 memoratorum,
809 1099 994 1191 praeterito
1006 1079 1132 1190 iterum
1195 1155 1197 1168 .

68 1217 165 1287 Euro.
201 1220 268 1290 An
285 1239 371 1288 uero
386 1216 550 1287 credibile
565 1215 765 1306 Musaeum,
791 1218 929 1326 Orphei
949 1220 1129 1310 aequalem

68 1337 255 1412 seeundum
271 1339 511 1438 Scaugerum,
537 1343 655 1438 venti,
671 1343 765 1416 cuius
780 1361 907 1440 nomen
917 1340 979 1447 ista
992 1349 1128 1450 tempe·
1217 1323 1222 1332 ⁵

68 1465 146 1529 state
175 1461 442 1554 ignorabatur,
462 1464 672 1534 mentionem
689 1460 892 1551 iacturum?
940 1460 1127 1548 Ηοιιιιιιιε,

70 1579 171 1650 fateor
186 1576 256 1676 ¹³),
284 1581 373 1656 Euri
396 1584 603 1676 mentionem
619 1583 719 1654 facit:
747 1580 809 1653 sed
824 1581 907 1653 inde
921 1591 1054 1652 tantum
1070 1583 1125 1652 di-

69 1699 184 1772 scimus
205 1709 374 1796 tempore
392 1701 539 1773 Homeri
561 1711 629 1790 et,
638 1726 666 1772 su
654 1701 831 1791 Uselis,
820 1727 890 1786 mm
911 1702 1020 1804 ppulo
1046 1685 1126 1774 ante

71 1817 196 1890 Eurum
219 1825 405 1917 cognitum
424 1825 541 1912 fuisse,
565 1824 703 1895 minime
725 1847 808 1895 vero
823 1825 931 1918 longe
946 1827 1125 1895 anteriori-

72 1937 130 2010 bus
143 1945 374 2048 temporibus
418 1931 584 2038 Suspicor
602 1948 692 2016 enim
707 1945 903 2040 Θεογονίας
917 1956 952 2014 et
964 1946 1124 2038 Hymno-

73 2080 168 2150 rum,
182 2088 247 2158 qur
234 2065 535 2170 Orpheinomen
547 2075 690 2158 gerunt,
712 2075 867 2137 auctores
878 2066 1034 2137 Homero
1052 2089 1125 2167 esse

76 2185 293 2276 antiquiores.
320 2190 417 2270 aliter
432 2189 713 2274 enimrationem,
737 2211 827 2278 quae
843 2187 1009 2256 dubrtanu
1018 2189 1124 2280 plane

76 2305 229 2398 sufficiat,
267 2309 400 2388 nullam
424 2309 499 2380 dari
522 2332 623 2402 posse
647 2317 751 2406 puto,
784 2330 863 2395 cur,
897 2310 942 2378 ab
965 2297 1125 2403 Homero
1195 2336 1198 2345 s

78 2431 263 2503 memoratis
286 2431 394 2502 ventis
416 2429 580 2528 quatuor,
604 2429 778 2503 Hesiodus
798 2438 832 2498 et
848 2428 1027 2522 Orpheus,
1046 2453 1123 2502 nou
1257 2515 1270 2532 .

79 2544 155 2616 adeo
172 2551 290 2647 longo
312 2554 477 2644 temporis
491 2521 676 2658 intervailo
694 2553 739 2620 ab
757 2574 817 2640 eo,
843 2551 1025 2624 fatentibus
1041 2553 1121 2644 ple

77 2665 195 2761 usque,
219 2674 363 2762 remoti,
387 2673 457 2744 tres
470 2651 602 2744 tantum
616 2675 844 2770 adgnoscunt,
869 2664 1023 2766 quivero
1039 2674 1121 2766 ipsis

76 2784 240 2866 inferiores
282 2796 464 2904 scriptores
501 2805 680 2892 receptum
718 2820 896 2867 numermn
929 2773 1118 2886 sequentur.
1230 2867 1233 2874 Δ
1318 2831 1319 2840 ¹

79 2907 168 2982 certe
181 2939 254 2988 uon
268 2940 400 3010 paucos
413 2919 579 3011 reperias,
604 2941 666 3010 qm
653 2918 871 2989 Hesiodum
884 2917 1039 2988 Homero
1056 2941 1118 2988 an

78 3028 248 3120 tiquiorem
274 3047 435 3126 statuant,
467 3040 553 3110 sicut
576 3041 693 3114 videre
717 3041 768 3110 est
791 3040 886 3135 apud
906 3012 971 3110 oel,
993 3039 1117 3109 Fabri·
1156 3127 1158 3134 Α

80 3151 158 3224 oium
171 3161 220 3252 ⁰).
275 3159 413 3253 Orphei
426 3161 621 3267 Hymrqs
591 3185 623 3230 ει
639 3162 752 3253 quis
733 3171 859 3230 tantam
883 3161 1115 3252 antiquitatem

78 3271 260 3350 adscribere
286 3291 442 3352 vereatur
464 3291 499 3352 et
516 3284 631 3390 potius
653 3285 698 3353 ab
715 3282 936 3378 Onomaorito
958 3291 1116 3374 tempore

79 3388 226 3472 Pisistrati
240 3385 435 3496 subpositus
451 3404 629 3492 existimet,
645 3405 751 3474 illum
765 3405 834 3476 hac
849 3409 951 3476 etiam
967 3413 1038 3474 arte
1053 3428 1114 3475 ve·
1132 3459 1136 3466 .
1167 3476 1169 3487 ,
1258 3397 1261 3404 ’

37 3521 43 3536 “
80 3517 192 3636 teribus
204 3548 241 3596 se
254 3525 402 3598 inserere
414 3525 563 3604 voluisse
575 3549 645 3596 uon
663 3525 778 3621 inepte
792 3528 908 3598 forsan
921 3525 1114 3600 comederis.

88 3719 283 3766 *wa-4...-

134 3885 166 3970 ιι
185 3893 215 3976 ι.
230 3899 304 3963 176.
319 3854 643 3980 adsumentes
670 3945 678 3956 ,

134 4001 480 4092 innumerosam
560 4032 563 4044 ’
635 4025 646 4074 *,

136 4109 635 4224 cihBibl.GisHb.1.cap,13‚
657 4103 830 4224 335²&
1036 4133 1050 4144 -.
1141 4123 1143 4140 .
