2666 4750
141 330 144 342 ·
232 307 301 378 no
328 259 605 412 Musinuiu:
643 303 754 375 uir.
782 305 844 374 xi.
999 241 1062 380 ris

19 481 75 546 κοῦ
91 477 311 564 enipeus-eui
325 478 531 564 δορυφορίας
544 473 718 552 irrideor.
732 510 735 520 ·
759 465 1064 545 AdhoeoPtoini-

21 603 72 644 nes
95 581 136 644 in
159 579 312 672 singuiis
332 580 536 668 leniuntque
556 578 696 644 urbibus
714 579 908 660 constituit3
937 577 1063 644 iisdem

20 681 248 746 Sacerdotem
277 681 438 769 cuiusque
462 682 668 768 provinciae·
678 681 873 772 praefecit,
903 685 981 747 eum
994 679 1064 769 *qni

23 784 154 849 suumin
176 785 214 850 in
237 783 337 848 curio
357 775 554 848 honeribus
579 785 720 874 egregie
740 778 944 871 perfunctus
964 791 1064 866 esset,
1098 817 1103 835 ι
1138 847 1151 880 :-

23 885 141 950 addito
171 885 208 949 ei
231 883 382 976 militari
408 884 585 950 satellitio.
627 882 751 952 Viden'
776 886 972 972 reliquie'in
995 907 1065 952 una

23 988 199 1076 provincia
211 985 618 1058 Sacerdotibuamaximis
633 979 830 1054 Pontificem
846 987 949 1052 inisse.
964 1009 1067 1070 prae-

26 1091 167 1170 sectum,
192 1075 291 1176 quem
302 1088 382 1176 ipsis
397 1089 602 1180 superiorem
622 1087 723 1154 fuisse
738 1091 854 1177 pulcre
866 1090 935 1156 iam
952 1088 1067 1156 docuit
1186 1073 1191 1094 ’

28 1193 126 1280 ampl.
142 1189 326 1279 Capetus?
367 1189 436 1256 Neo
458 1201 571 1256 tamen
591 1193 676 1256 adeo
693 1189 848 1260 Suffenus
861 1215 955 1275 snm,
977 1191 1067 1256 utin

29 1296 96 1358 ioco
113 1281 284 1370 Lactantii
306 1289 352 1356 sio
369 1289 533 1380 explicato
549 1293 636 1358 nihil
656 1313 744 1373 esse,
766 1295 855 1378 quod
876 1315 1068 1380 quenquam
1116 1361 1118 1368 ,

31 1396 200 1465 ostendere
212 1404 328 1480 queat,
350 1393 433 1458 mihi
445 1394 681 1481 persuadeam,
702 1394 828 1484 quippe
843 1397 902 1482 qui
914 1397 972 1463 illa
990 1417 1070 1461 ver-

31 1499 82 1578 ba,
106 1511 144 1568 et
164 1519 224 1564 eos
244 1505 404 1584 utrosque
423 1505 487 1562 etc.
511 1495 621 1562 minus
643 1497 810 1583 eleganter
823 1499 994 1587 prioribus
1010 1523 1068 1566 co-
1084 1515 1137 1574 213
1197 1543 1199 1548 -

31 1601 168 1668 haerere
183 1597 290 1688 probe
301 1596 500 1686 percipiam.
531 1596 595 1663 Sed
612 1597 677 1682 hoe
691 1599 800 1666 seculo
814 1600 904 1666 forte
918 1602 1071 1694 tribueri-

34 1703 129 1785 dum,
146 1702 212 1768 nisi
228 1699 359 1788 etapnd
376 1699 544 1782 meliores,
559 1699 603 1764 de
614 1721 681 1785 quo
695 1711 808 1766 tamen
819 1703 971 1771 nondum
984 1706 1072 1773 mihi
1166 1749 1170 1754 -

35 1816 180 1883 constat,
202 1803 378 1890 scriptores
389 1801 514 1866 similia
531 1801 710 1890 aliquando
729 1803 953 1890 reperiantur.
994 1811 1071 1876 Du·
1166 1819 1169 1830 ‘

34 1906 120 1972 aiore
139 1917 252 1970 tamen
266 1904 348 1970 haec
361 1903 562 1970 Bauldriana
575 1903 811 1970 emendatione
827 1906 972 1974 admissa
989 1913 1072 1978 red-
1094 1917 1097 1953 ³
1150 1907 1160 1914 ’

36 2007 179 2086 duntur,
201 2029 279 2072 oum
294 2007 476 2102 modorum
492 2006 590 2072 simul
607 2015 641 2072 et
657 2019 851 2093 temporum
868 2015 1073 2098 permutatio
1119 2058 1121 2066 ·
1161 2071 1168 2082 ,

37 2108 89 2176 hio
107 2133 180 2174 non
195 2109 285 2190 ⁴aden
300 2110 433 2196 elegans
455 2107 628 2173 statuenda
649 2108 821 2190 videatur:
841 2111 908 2178 Sed
925 2114 961 2180 in
980 2117 1073 2183 viam
1196 2154 1199 2166 ι

39 2213 182 2277 tandem.
225 2213 278 2276 De
305 2208 461 2277 candidis
477 2210 683 2276 sacerdotum
709 2212 856 2278 vestibus
883 2215 999 2282 confer
1018 2219 1074 2288 hie

40 2312 221 2403 Cuperem.
264 2315 363 2380 Tales
379 2311 519 2378 indutus
532 2311 671 2402 Mopsus
689 2311 778 2402 apud
792 2313 962 2387 Valerium
977 2320 1075 2397 Fluc—=
1159 2361 1170 2394 ·,

43 2437 115 2484 rum
130 2418 189 2483 lib.
207 2423 237 2486 1.
258 2438 294 2482 v.
307 2425 379 2488 383·
1177 2417 1182 2421 ’

140 2519 215 2586 Ηίο
235 2513 332 2587 votes
352 2519 549 2610 Phoebique
562 2516 661 2608 fides
681 2520 748 2586 non
767 2543 860 2590 enno
877 2522 1045 2612 porentia]

142 2621 286 2710 Μορέαν
293 2651 305 2706 3
329 2623 480 2711 puniceo
502 2622 560 2689 oui
580 2620 795 2711 circumfuso
814 2625 980 2695 cothurno

135 2721 258 2794 'Parta
279 2725 366 2792 imos
379 2723 473 2814 ferit
493 2723 575 2791 olba
593 2723 709 2812 pedes.
824 2806 826 2814 Ι

45 2827 211 2914 quomodo
233 2827 346 2894 locum
366 2828 542 2916 legendum
563 2849 633 2893 esse
654 2823 786 2896 erudite
809 2830 906 2898 docet
924 2834 967 2908 el.
988 2835 1081 2903 Bur-t

45 2951 193 2998 mannus.
230 2928 284 2996 Sic
301 2930 488 3018 priscorum
511 2930 556 2996 dii
579 2929 780 3022 exhibentur
796 2931 833 2998 in
851 2941 1080 3008 monumentis
1132 2987 1134 2994 -

46 3033 206 3120 antiquis,
244 3031 350 3117 qualis
378 3043 648 3120 repraesentatur
678 3032 773 3098 nobis
797 3034 970 3105 Saxonum
999 3042 1081 3110 deus

48 3135 155 3202 Crodo
174 3133 264 3224 apud
281 3133 488 3206 Henninium
504 3134 547 3202 ed
561 3135 649 3204 Toll.
666 3134 773 3223 Epist.
787 3137 904 3204 Itiner.
924 3149 953 3208 1.
975 3165 1009 3232 p.
1027 3154 1081 3216 31.
1158 3204 1159 3207 ,

48 3235 141 3305 Conf.
156 3235 339 3304 Hesiodum
354 3236 392 3304 in
401 3229 535 3324 Ἔργοις
555 3259 589 3304 v.
606 3245 678 3308 198.
710 3237 776 3304 Eae
792 3237 848 3304 alii
866 3233 979 3328 plures
993 3268 1082 3331 quo-

48 3360 109 3424 que
132 3336 315 3425 gestabant
358 3339 493 3428 Angelis
516 3363 571 3406 eas
590 3339 706 3407 tribuit
724 3341 917 3410 Lactantius
940 3367 1013 3437 oap.
1026 3356 1081 3420 49.
1151 3403 1153 3410 .

52 3440 143 3508 Tunc
164 3438 324 3522 demum,
347 3442 475 3509 omisso
490 3441 586 3524 visu,
609 3441 712 3508 deum
726 3441 845 3511 videre
866 3449 979 3536 coepit
996 3447 1083 3519 eori-

49 3543 176 3616 didotie
189 3542 359 3637 ministris
373 3543 416 3610 de
434 3569 470 3630 eje
486 3545 707 3614 iudicantem.
735 3525 777 3613 V.
794 3547 979 3636 Cuperum.
1013 3555 1085 3622 Mi..
1140 3595 1144 3604 .

49 3648 138 3716 nime
162 3667 246 3711 vero
273 3663 307 3714 et
330 3647 396 3714 hoc
416 3647 458 3714 de
478 3647 560 3713 doeo
579 3648 739 3714 convenit
758 3648 850 3714 inter
867 3652 1085 3740 Interpretes,

50 3751 103 3817 sed
127 3748 311 3818 insolentia
331 3749 506 3816 locutionis
528 3753 612 3822 moti
631 3748 809 3820 intrudunt
830 3751 1085 3844 circumdatum

51 3853 102 3918 vel
117 3853 170 3922 >ita
191 3847 527 3938 vneemleondidotre
550 3856 741 3922 emendant.
780 3855 930 3940 Cuperus
951 3844 1108 3947 reponit'

53 3979 127 4024 cum
143 3953 352 4022 candidatis.
386 3955 476 4024 Nihil
491 3969 615 4022 temere
628 3969 734 4025 muto.
765 3957 964 4024 candidatis
978 3960 1085 4024 mini·-

53 4061 130 4130 striu
142 4060 275 4134 videtur
295 4080 365 4132 esee.
381 4055 472 4166 idem
494 4060 592 4148 quod
601 4083 664 4152 per
680 4059 884 4150 §audicimus
898 4060 1088 4134 ministros.
